@book{Raibert1986LeggedRobotsThatBalance,
  address   = {Cambridge, MA},
  author    = {Raibert, Marc},
  isbn      = {0262181177},
  publisher = {MIT Press},
  title     = {{Legged Robots That Balance}},
  url       = {http://portal.acm.org/citation.cfm?id=6152&dl=GUIDE},
  year      = {1986}
}
@article{Vukobratovic2004ZeroMomentPoint,
  author    = {Vukobratovi\'{c}, Miomir and Borovac, Branislav},
  issn      = {0219-8436},
  journal   = {International Journal of Humanoid Robotics},
  number    = {01},
  pages     = {157--173},
  publisher = {World Scientific},
  title     = {{Zero-moment point — thirty five years of its life}},
  volume    = {1},
  year      = {2004}
}
@inproceedings{Pratt1995SEA,
  author    = {Pratt, Gill A. and Williamson, Matthew M.},
  booktitle = {IEEE/RSJ International Conference on Intelligent Robots and Systems (IROS)},
  doi       = {10.1109/IROS.1995.525827},
  pages     = {3137--3181},
  title     = {{Series elastic actuators}},
  url       = {http://ieeexplore.ieee.org/lpdocs/epic03/wrapper.htm?arnumber=525827},
  year      = {1995}
}

@misc{DavideScaramuzza,
  author    = {Scaramuzza, Davide},
  title     = {{Vision Algorithms for Mobile Robotics. Robotics: Science and Systems Conference (RSS}},
  publisher = {University of Zurich},
  year      = {2020}
}

@book{RichardSzeliski,
  author    = {Richard Szeliski},
  title     = {Computer Vision: Algorithms and Applications – 2nd Edition},
  version   = {2nd Edition},
  publisher = {Springer},
  month     = {July},
  year      = {2021}
}

@article{Pomerleau,
  author    = {Pomerleau, François and Colas, Francis and  Siegwart, Roland},
  publisher = {Now Publishers},
  journal   = {hal archives},
  pages     = {1--104},
  title     = {{A Review of Point Cloud Registration Algorithms for Mobile Robotics. Foundations and Trends in Robotics}},
  year      = {2015}
}


@article{LOAM,
  author = {Zhang, Ji and Singh, Sanjiv },
  title  = {{LOAM: Lidar Odometry and Mapping in Real-time}},
  year   = {2014}
}

@article{ORB,
  author = {Rublee,Ethan and Rabaud, Vincent and Konolige, Kurt  and  Bradski, Gary},
  title  = {{ORB: An efficient alternative to SIFT or SURF}},
  year   = {2011}
}

@article{BRISK,
  author = {Leutenegger, Stefan and Chli, Margarita and Siegwart, Roland Y.},
  title  = {{BRISK: Binary Robust Invariant Scalable Keypoints}},
  year   = {2011}
}

@article{KLT,
  author = {Lucas, Bruce D. and Kanade, Takeo},
  title  = {{An iterative image registration technique with an application to stereo vision}},
  year   = {1981}
}

@article{ransac,
  author = {Fischler, Martin A. and Bolles, Robert C.},
  title  = {Random Sample Consensus: A Paradigm for Model Fitting with Apphcatlons to Image Analysis and Automated Cartography},
  year   = {1981}
}

@inproceedings{robust2021shan,
  title        = {Robust Place Recognition using an Imaging Lidar},
  author       = {Shan, Tixiao and Englot, Brendan and Duarte, Fabio and Ratti, Carlo and Rus Daniela},
  booktitle    = {IEEE International Conference on Robotics and Automation (ICRA)},
  year         = {2021},
  organization = {IEEE}
}

@inproceedings{liosam2020shan,
  title        = {LIO-SAM: Tightly-coupled Lidar Inertial Odometry via Smoothing and Mapping},
  author       = {Shan, Tixiao and Englot, Brendan and Meyers, Drew and Wang, Wei and Ratti, Carlo and Rus Daniela},
  booktitle    = {IEEE/RSJ International Conference on Intelligent Robots and Systems (IROS)},
  pages        = {5135-5142},
  year         = {2020},
  organization = {IEEE}
}

@article{closed_form,
  author = {Khoshelham, Kourosh},
  title  = {Closed-form solutions for estimating a rigid motion from plane
            correspondences extracted from point clouds},
  year   = {2016}
}

