@article{heap,
  author = {Jud, Dominic and Kerscher, Simon and Wermelinger, Martin and Jelavic, Edo and Egli, Pascal and Leemann, Philipp and Hottiger, Gabriel and Hutter, Marco},
  title  = {HEAP - The autonomous walking excavator},
  year   = {2021}
}

